<record><leader>00000cas a22000007a 4500</leader><controlfield tag="001">13321404</controlfield><controlfield tag="008">860321d19051917iduwr ne      0    0eng d</controlfield><datafield ind1=" " ind2=" " tag="010"><subfield code="a">sn 86091224 </subfield></datafield><datafield ind1=" " ind2=" " tag="040"><subfield code="a">UNP</subfield><subfield code="b">eng</subfield><subfield code="c">UNP</subfield><subfield code="d">NVB</subfield><subfield code="d">OCLCQ</subfield><subfield code="d">OCLCF</subfield><subfield code="d">OCLCO</subfield></datafield><datafield ind1="1" ind2=" " tag="029"><subfield code="a">AU@</subfield><subfield code="b">000023602828</subfield></datafield><datafield ind1=" " ind2=" " tag="042"><subfield code="a">msc</subfield></datafield><datafield ind1=" " ind2=" " tag="043"><subfield code="a">n-us-id</subfield></datafield><datafield ind1=" " ind2="4" tag="050"><subfield code="a">AN2.I2</subfield><subfield code="b">C87</subfield></datafield><datafield ind1="0" ind2="4" tag="245"><subfield code="a">The Current-journal.</subfield></datafield><datafield ind1="1" ind2="3" tag="246"><subfield code="a">Fremont current journal</subfield></datafield><datafield ind1=" " ind2=" " tag="260"><subfield code="a">Rexburg, Idaho :</subfield><subfield code="b">Current Journal Pub. Co.,</subfield><subfield code="c">-1917.</subfield></datafield><datafield ind1=" " ind2=" " tag="300"><subfield code="a">v.</subfield></datafield><datafield ind1=" " ind2=" " tag="310"><subfield code="a">Weekly</subfield></datafield><datafield ind1="1" ind2=" " tag="362"><subfield code="a">Began in Jan. 1905.</subfield></datafield><datafield ind1="0" ind2=" " tag="362"><subfield code="a">-v. 30, no. 24 (Dec. 13, 1917).</subfield></datafield><datafield ind1=" " ind2=" " tag="588"><subfield code="a">Description based on: Whole ser., vol. 17, no. 54 (Jan. 19, 1905).</subfield></datafield><datafield ind1=" " ind2="0" tag="651"><subfield code="a">Rexburg (Idaho)</subfield><subfield code="v">Newspapers.</subfield></datafield><datafield ind1=" " ind2="7" tag="655"><subfield code="a">Newspapers.</subfield><subfield code="2">fast</subfield><subfield code="0">(OCoLC)fst01423814</subfield></datafield><datafield ind1=" " ind2="7" tag="651"><subfield code="a">Idaho</subfield><subfield code="z">Rexburg.</subfield><subfield code="2">fast</subfield><subfield code="0">(OCoLC)fst01220488</subfield></datafield><datafield ind1=" " ind2=" " tag="752"><subfield code="a">United States</subfield><subfield code="b">Idaho</subfield><subfield code="c">Fremont</subfield><subfield code="d">Rexburg.</subfield></datafield><datafield ind1=" " ind2=" " tag="752"><subfield code="a">United States</subfield><subfield code="b">Idaho</subfield><subfield code="c">Madison</subfield><subfield code="d">Rexburg.</subfield></datafield><datafield ind1="0" ind2="0" tag="780"><subfield code="t">Fremont current-journal</subfield></datafield><datafield ind1="0" ind2="0" tag="785"><subfield code="t">Rexburg journal</subfield><subfield code="w">(DLC)sn 86091223</subfield><subfield code="w">(OCoLC)13321233</subfield></datafield></record>